[gd_scene load_steps=4 format=3 uid="uid://bpexfj6fs5ucf"]

[ext_resource type="Script" path="res://addons/thinbrushwork/tbw_mesh.gd" id="1_i7h7f"]
[ext_resource type="Script" path="res://addons/thinbrushwork/tbw_vertex.gd" id="2_uuatn"]
[ext_resource type="Script" path="res://addons/thinbrushwork/tbw_face.gd" id="3_1t32y"]

[node name="TBWMesh" type="MeshInstance3D"]
script = ExtResource("1_i7h7f")

[node name="TA" type="Marker3D" parent="."]
transform = Transform3D(1, 0, 0, 0, 1, 0, 0, 0, 1, 0, 0, 1)
script = ExtResource("2_uuatn")

[node name="TB" type="Marker3D" parent="."]
transform = Transform3D(1, 0, 0, 0, 1, 0, 0, 0, 1, -1, 0, 1)
script = ExtResource("2_uuatn")

[node name="TC" type="Marker3D" parent="."]
transform = Transform3D(1, 0, 0, 0, 1, 0, 0, 0, 1, -1, 0, 0)
script = ExtResource("2_uuatn")

[node name="TD" type="Marker3D" parent="."]
script = ExtResource("2_uuatn")

[node name="TC2" type="Marker3D" parent="."]
transform = Transform3D(1, 0, 0, 0, 1, 0, 0, 0, 1, -1, 1, -1)
script = ExtResource("2_uuatn")

[node name="TD2" type="Marker3D" parent="."]
transform = Transform3D(1, 0, 0, 0, 1, 0, 0, 0, 1, 0, 1, -1)
script = ExtResource("2_uuatn")

[node name="TC3" type="Marker3D" parent="."]
transform = Transform3D(1, 0, 0, 0, 1, 0, 0, 0, 1, -1, 1, 2)
script = ExtResource("2_uuatn")

[node name="TD3" type="Marker3D" parent="."]
transform = Transform3D(1, 0, 0, 0, 1, 0, 0, 0, 1, 0, 1, 2)
script = ExtResource("2_uuatn")

[node name="TBWFace" type="MeshInstance3D" parent="." node_paths=PackedStringArray("a", "b", "c", "d")]
skeleton = NodePath("../../..")
script = ExtResource("3_1t32y")
a = NodePath("../TA")
b = NodePath("../TB")
c = NodePath("../TC")
d = NodePath("../TD")

[node name="TBWFace3" type="MeshInstance3D" parent="." node_paths=PackedStringArray("a", "b", "c", "d")]
skeleton = NodePath("../../..")
script = ExtResource("3_1t32y")
a = NodePath("../TA")
b = NodePath("../TD3")
c = NodePath("../TC3")
d = NodePath("../TB")

[node name="TBWFace2" type="MeshInstance3D" parent="." node_paths=PackedStringArray("a", "b", "c", "d")]
skeleton = NodePath("../../..")
script = ExtResource("3_1t32y")
a = NodePath("../TC")
b = NodePath("../TC2")
c = NodePath("../TD2")
d = NodePath("../TD")
